@Article{Gough2021,
  author  = {Christina Gough},
  journal = {statista},
  title   = {esports market revenue worldwide from 2019 to 2024},
  year    = {2021},
  month   = aug,
  groups  = {Bakalářská práce},
  url     = {https://www.statista.com/statistics/490522/global-esports-market-revenue/},
}

@Comment{jabref-meta: databaseType:bibtex;}

@Comment{jabref-meta: grouping:
0 AllEntriesGroup:;
1 StaticGroup:Bakalářská práce\;0\;1\;0x8a8a8aff\;\;\;;
}
